<collection xmlns="http://www.loc.gov/MARC21/slim">
<record>
  <leader>01193nam0a22002651i 450 </leader>
  <controlfield tag="001">IT\ICCU\CNCE\058243</controlfield>
  <controlfield tag="005">20190218000000.0</controlfield>
  <datafield tag="012" ind1=" " ind2=" ">
    <subfield code="a">s.o* ocit uses tali (C) 1510 (Q)</subfield>
    <subfield code="2">fei</subfield>
  </datafield>
  <datafield tag="100" ind1=" " ind2=" ">
    <subfield code="a">20040518d1510        0itac0103    ba</subfield>
  </datafield>
  <datafield tag="101" ind1=" " ind2=" ">
    <subfield code="a">LAT</subfield>
  </datafield>
  <datafield tag="102" ind1=" " ind2=" ">
    <subfield code="a">IT</subfield>
  </datafield>
  <datafield tag="200" ind1="1" ind2=" ">
    <subfield code="a">De statu ecclesie. de purgatorio. De suffragijs defunctorum. De corpore Christi. Libellus feliciter incipit contra valdenses qui hec omnia negant</subfield>
  </datafield>
  <datafield tag="210" ind1=" " ind2=" ">
    <subfield code="e">In egregio oppido Cunei</subfield>
    <subfield code="g">impressum autem per me Simonem Beuilaqua Papiensem</subfield>
    <subfield code="h">1510 die V Decembris</subfield>
  </datafield>
  <datafield tag="215" ind1=" " ind2=" ">
    <subfield code="a">\56! c.</subfield>
    <subfield code="d">4ʻ</subfield>
  </datafield>
  <datafield tag="620" ind1=" " ind2=" ">
    <subfield code="a">IT</subfield>
    <subfield code="d">Cuneo</subfield>
  </datafield>
  <datafield tag="700" ind1=" " ind2="0">
    <subfield code="a">Samuele</subfield>
    <subfield code="c"> : da#Cassine</subfield>
    <subfield code="3">IT\ICCU\CNCA\004484</subfield>
  </datafield>
  <datafield tag="712" ind1="0" ind2="0">
    <subfield code="a">Bevilacqua, Simone</subfield>
    <subfield code="3">IT\ICCU\CNCT\000690</subfield>
    <subfield code="4">650</subfield>
  </datafield>
  <datafield tag="790" ind1=" " ind2="1">
    <subfield code="a">Cassini,</subfield>
    <subfield code="b">Samuele</subfield>
    <subfield code="3">IT\ICCU\CNCA\004871</subfield>
    <subfield code="z">Samuele : da#Cassine</subfield>
  </datafield>
  <datafield tag="790" ind1=" " ind2="1">
    <subfield code="a">Cassinis,</subfield>
    <subfield code="b">Samuel : de</subfield>
    <subfield code="3">IT\ICCU\CNCA\013217</subfield>
    <subfield code="z">Samuele : da#Cassine</subfield>
  </datafield>
  <datafield tag="791" ind1="0" ind2="0">
    <subfield code="a">Gabi, Simone</subfield>
    <subfield code="3">IT\ICCU\CNCT\003778</subfield>
    <subfield code="z">Bevilacqua, Simone</subfield>
  </datafield>
  <datafield tag="801" ind1=" " ind2="3">
    <subfield code="a">IT</subfield>
    <subfield code="b">ICCU</subfield>
    <subfield code="c">20201115</subfield>
  </datafield>
  <datafield tag="899" ind1=" " ind2=" ">
    <subfield code="a">Biblioteca universitaria. Genova</subfield>
    <subfield code="1">GE0038</subfield>
    <subfield code="2">LIG 01</subfield>
  </datafield>
  <datafield tag="899" ind1=" " ind2=" ">
    <subfield code="a">Biblioteca Reale. Torino</subfield>
    <subfield code="1">TO0263</subfield>
    <subfield code="2">TO0 07</subfield>
  </datafield>
  <datafield tag="899" ind1=" " ind2=" ">
    <subfield code="a">Biblioteca nazionale universitaria. Torino</subfield>
    <subfield code="1">TO0265</subfield>
    <subfield code="2">TO0 02</subfield>
  </datafield>
  <datafield tag="899" ind1=" " ind2=" ">
    <subfield code="a">British Library. London</subfield>
    <subfield code="1">UK0001</subfield>
  </datafield>
</record>
</collection>
